<?xml version="1.0" encoding="UTF-8"?><record xmlns="http://www.loc.gov/MARC21/slim" xmlns:cinclude="http://apache.org/cocoon/include/1.0" xmlns:zs="http://www.loc.gov/zing/srw/">
  <leader>00466cz  a2200145n  4500</leader>
  <controlfield tag="001">n 2008011895</controlfield>
  <controlfield tag="003">DLC</controlfield>
  <controlfield tag="005">20130326102046.0</controlfield>
  <controlfield tag="008">080219n| azannaabn          |a aaa      </controlfield>
  <datafield tag="010" ind1=" " ind2=" ">
    <subfield code="a">n 2008011895</subfield>
  </datafield>
  <datafield tag="040" ind1=" " ind2=" ">
    <subfield code="a">DLC</subfield>
    <subfield code="b">eng</subfield>
    <subfield code="e">rda</subfield>
    <subfield code="c">DLC</subfield>
    <subfield code="d">DLC</subfield>
  </datafield>
  <datafield tag="100" ind1="0" ind2=" ">
    <subfield code="a">Firdawsī.</subfield>
    <subfield code="t">Shāhnāmah.</subfield>
    <subfield code="k">Selections.</subfield>
    <subfield code="l">Gurani</subfield>
  </datafield>
  <datafield tag="400" ind1="0" ind2=" ">
    <subfield code="w">nnea</subfield>
    <subfield code="a">Firdawsī.</subfield>
    <subfield code="t">Shāhnāmah.</subfield>
    <subfield code="l">Gurani.</subfield>
    <subfield code="k">Selections</subfield>
  </datafield>
  <datafield tag="400" ind1="0" ind2=" ">
    <subfield code="a">Firdawsī.</subfield>
    <subfield code="t">Shāhnāmah-ʼi Kurdī</subfield>
  </datafield>
  <datafield tag="670" ind1=" " ind2=" ">
    <subfield code="a">Shāhnāmah-ʼi Kurdī, 2004 or 2005.</subfield>
  </datafield>
</record>